@inproceedings{Sigg:2006:GRQ:2386388.2386396,
 author = {Sigg, Christian and Weyrich, Tim and Botsch, Mario and Gross, Markus},
 title = {GPU-based ray-casting of quadratic surfaces},
 booktitle = {Proceedings of the 3rd Eurographics / IEEE VGTC conference on Point-Based Graphics},
 series = {SPBG'06},
 year = {2006},
 isbn = {3-905673-32-0},
 location = {Boston, Massachusetts},
 pages = {59--65},
 numpages = {7},
 url = {http://dx.doi.org/10.2312/SPBG/SPBG06/059-065},
 doi = {10.2312/SPBG/SPBG06/059-065},
 acmid = {2386396},
 publisher = {Eurographics Association},
 address = {Aire-la-Ville, Switzerland, Switzerland},
} 
